
@misc{jones2014scipy,
  title={SciPy: open source scientific tools for {P}ython},
  author={Jones, Eric and Oliphant, Travis and Peterson, Pearu},
  howpublished = "\url{http://www.scipy.org}",
  note = "[Online; accessed 13-Aug-2018]",
  year={2014}
}

@article{hunter2007matplotlib,
  title={Matplotlib: A {2D} graphics environment},
  author={Hunter, John D},
  journal={Computing in Science \& Engineering},
  volume={9},
  number={3},
  pages={90--95},
  year={2007},
  url= "\url{https://doi.org/10.1109/MCSE.2007.55}",
  publisher={IEEE}
}

@article{hansen2003reducing,
  title={Reducing the time complexity of the derandomized evolution strategy with covariance matrix adaptation ({CMA-ES})},
  author={Hansen, Nikolaus and M{\"u}ller, Sibylle D and Koumoutsakos, Petros},
  journal={Evolutionary Computation},
  volume={11},
  number={1},
  pages={1--18},
  year={2003},
  url ="\url{https://doi.org/10.1162/106365603321828970}",
  publisher={MIT Press}
}

@article{thijssen2016bcm,
  title={{BCM}: toolkit for {B}ayesian analysis of Computational Models using samplers},
  author={Thijssen, Bram and Dijkstra, Tjeerd MH and Heskes, Tom and Wessels, Lodewyk FA},
  journal={BMC Systems Biology},
  volume={10},
  number={1},
  pages={100},
  year={2016},
  publisher={BioMed Central},
  url="\url{https://doi.org/10.1186/s12918-016-0339-3}"
}

@article{vyshemirsky2008biobayes,
  title={{B}io{B}ayes: a software package for {B}ayesian inference in systems biology},
  author={Vyshemirsky, Vladislav and Girolami, Mark},
  journal={Bioinformatics},
  volume={24},
  number={17},
  pages={1933--1934},
  year={2008},
  publisher={Oxford University Press},
  url="\url{https://doi.org/10.1093/bioinformatics/btn338}"
}

@article{liepe2010abc,
  title={{ABC-SysBio-approximate} {B}ayesian computation in {P}ython with {GPU} support},
  author={Liepe, Juliane and Barnes, Chris and Cule, Erika and Erguler, Kamil and Kirk, Paul and Toni, Tina and Stumpf, Michael PH},
  journal={Bioinformatics},
  volume={26},
  number={14},
  pages={1797--1799},
  year={2010},
  publisher={Oxford University Press},
  url="\url{https://dx.doi.org/10.1093/bioinformatics/btq278}"
}

@article{johnson2014sysbions,
  title={{SYSBIONS}: nested sampling for systems biology},
  author={Johnson, Rob and Kirk, Paul and Stumpf, Michael PH},
  journal={Bioinformatics},
  volume={31},
  number={4},
  pages={604--605},
  year={2014},
  publisher={Oxford University Press},
  url="\url{https://dx.doi.org/10.1093/bioinformatics/btu675}"
}


@techreport{adam2015dakota,
  title={Dakota, a multilevel parallel object-oriented framework for design optimization, parameter estimation, uncertainty quantification, and sensitivity analysis: Version 6.0 user manual},
  author={Adam, B and Bauman, L and Bohnhoff, W and Dalbey, K and Ebeida, M and others},
  year={2015},
  institution={Tech. rep., Sandia National Laboratories},
  url="\url{https://doi.org/10.2172/1177048}"
}

@inproceedings{glasmachers2010exponential,
  title={Exponential natural evolution strategies},
  author={Glasmachers, Tobias and Schaul, Tom and Yi, Sun and Wierstra, Daan and Schmidhuber, J{\"u}rgen},
  booktitle={Proceedings of the 12th Annual Conference on Genetic and Evolutionary Computation},
  pages={393--400},
  year={2010},
  organization={ACM},
  url="\url{https://doi.org/10.1145/1830483.1830557}"
}

@inproceedings{schaul2011high,
  title={High dimensions and heavy tails for natural evolution strategies},
  author={Schaul, Tom and Glasmachers, Tobias and Schmidhuber, J{\"u}rgen},
  booktitle={Proceedings of the 13th annual conference on Genetic and evolutionary computation},
  pages={845--852},
  year={2011},
  organization={ACM},
  url="\url{https://doi.org/10.1145/2001576.2001692}"
}

@incollection{kennedy2011particle,
  title={Particle swarm optimization},
  author={Kennedy, James},
  booktitle={Encyclopedia of Machine Learning},
  pages={760--766},
  year={2011},
  publisher={Springer},
  url="\url{https://doi.org/10.1007/978-0-387-30164-8_630}"
}

@article{metropolis1953equation,
  title={Equation of state calculations by fast computing machines},
  author={Metropolis, N and Rosenbluth, AW and Rosenbluth, MN and Teller, AH and Teller, E},
  journal={The Journal of Chemical Physics},
  volume={21},
  number={6},
  pages={1087--1092},
  year={1953},
  publisher={AIP},
  url="\url{https://doi.org/10.1063/1.1699114}"
}

@article{johnstone2016uncertainty,
  title={Uncertainty and variability in models of the cardiac action potential: Can we build trustworthy models?},
  author={Johnstone, Ross H and Chang, Eugene TY and Bardenet, R{\'e}mi and De Boer, Teun P and Gavaghan, David J and Pathmanathan, Pras and Clayton, Richard H and Mirams, Gary R},
  journal={Journal of Molecular and Cellular Cardiology},
  volume={96},
  pages={49--62},
  year={2016},
  publisher={Elsevier},
  url="\url{https://doi.org/10.1113/JP271671}"
}

@article{jasra2007population,
  title={On population-based simulation for static inference},
  author={Jasra, Ajay and Stephens, David A and Holmes, Christopher C},
  journal={Statistics and Computing},
  volume={17},
  number={3},
  pages={263--279},
  year={2007},
  publisher={Springer},
  url="\url{https://doi.org/10.1007/s11222-007-9028-9}"
}

@article{mukherjee2006nested,
  title={A nested sampling algorithm for cosmological model selection},
  author={Mukherjee, Pia and Parkinson, David and Liddle, Andrew R},
  journal={The Astrophysical Journal Letters},
  volume={638},
  number={2},
  pages={L51},
  year={2006},
  publisher={IOP Publishing},
  url="\url{https://arxiv.org/pdf/astro-ph/0508461}"
}

@article{skilling2006nested,
  title={Nested sampling for general {B}ayesian computation},
  author={Skilling, John and others},
  journal={Bayesian Analysis},
  volume={1},
  number={4},
  pages={833--859},
  year={2006},
  publisher={International Society for Bayesian Analysis},
  url="\url{dx.doi.org/10.1214/06-BA127}"
}

@article{robinson_bond_simonov_zhang_gavaghan_2018,
  title={Separating the Effects of Experimental Noise from Inherent System Variability in Voltammetry: The {$\textrm{[Fe(CN)}_6]^{3−/4−}$} Process},
  DOI={10.26434/chemrxiv.7149281.v1},
  journal={ChemRxiv},
  author={Robinson, Martin and Bond, Alan and Simonov, Alexandr and Zhang, Jie and Gavaghan, David},
  year={2018},
  month={Oct},
  url={\url{https://doi.org/10.26434/chemrxiv.7149281.v1}}
}

@article{pom_paper,
  title = {Integration of heuristic and automated parametrization of three unresolved two‐electron surface‐confined polyoxometalate reduction processes by {AC} voltammetry},
  journal = {ChemElectroChem},
  author = {Martin Robinson and Kontad Ounnunkad and Jie Zhang and David Gavaghan and Alan Bond},
  year = {2018},
  doi = {10.1002/celc.201800950},
  url = {\url{https://doi.org/10.1002/celc.201800950}},
  eprint = {https://onlinelibrary.wiley.com/doi/pdf/10.1002/celc.201800950}
}

@book{lambert2018Student,
  title={A Student's Guide to Bayesian Statistics},
  author={Lambert, B},
  year={2018},
  publisher={Sage Publications Ltd.}
}

@article{noble2002modeling,
	title={Modeling the heart--from genes to cells to the whole organ},
	author={Noble, Denis},
	journal={Science},
	volume={295},
	number={5560},
	pages={1678--1682},
	year={2002},
	publisher={American Association for the Advancement of Science}
}

@book{anderson1992infectious,
	title={Infectious diseases of humans: dynamics and control},
	author={Anderson, Roy M and May, Robert M},
	year={1992},
	publisher={Oxford university press}
}

@book{reich2018we,
	title={Who We Are and How We Got Here: Ancient DNA and the new science of the human past},
	author={Reich, David},
	year={2018},
	publisher={Oxford University Press}
}

@article{llamas2016ancient,
	title={Ancient mitochondrial DNA provides high-resolution time scale of the peopling of the Americas},
	author={Llamas, Bastien and Fehren-Schmitz, Lars and Valverde, Guido and Soubrier, Julien and Mallick, Swapan and Rohland, Nadin and Nordenfelt, Susanne and Valdiosera, Cristina and Richards, Stephen M and Rohrlach, Adam and others},
	journal={Science advances},
	volume={2},
	number={4},
	pages={e1501385},
	year={2016},
	publisher={American Association for the Advancement of Science}
}

@book{murray2002,
	address = {New York},
	author = {Murray, James D.},
	doi = {10.1007/b98868},
	edition = 3,
	publisher = {Springer},
	series = {Interdisciplinary Applied Mathematics},
	title = {Mathematical Biology I. An Introduction},
	volume = 17,
	year = 2002
}

@book{stoer2013introduction,
	title={Introduction to numerical analysis},
	author={Stoer, Josef and Bulirsch, Roland},
	volume={12},
	year={2013},
	publisher={Springer Science \& Business Media}
}

@book{strang1986introduction,
	title={Introduction to applied mathematics},
	author={Strang, Gilbert and Aarikka, Kaija},
	volume={16},
	year={1986},
	publisher={Wellesley-Cambridge Press Wellesley, MA}
}

@article{gutenkunst2007universally,
	title={Universally sloppy parameter sensitivities in systems biology models},
	author={Gutenkunst, Ryan N and Waterfall, Joshua J and Casey, Fergal P and Brown, Kevin S and Myers, Christopher R and Sethna, James P},
	journal={PLoS computational biology},
	volume={3},
	number={10},
	pages={e189},
	year={2007},
	publisher={Public Library of Science}
}

@article{calderhead2011statistical,
	title={Statistical analysis of nonlinear dynamical systems using differential geometric sampling methods},
	author={Calderhead, Ben and Girolami, Mark},
	journal={Interface focus},
	pages={rsfs20110051},
	year={2011},
	publisher={Royal Society}
}

@article{calderhead2009estimating,
	title={Estimating Bayes factors via thermodynamic integration and population MCMC},
	author={Calderhead, Ben and Girolami, Mark},
	journal={Computational Statistics \& Data Analysis},
	volume={53},
	number={12},
	pages={4028--4045},
	year={2009},
	publisher={Elsevier}
}

@book{lindley2013understanding,
	title={Understanding uncertainty},
	author={Lindley, Dennis V},
	year={2013},
	publisher={John Wiley \& Sons}
}

@book{jaynes2003probability,
	title={Probability theory: The logic of science},
	author={Jaynes, Edwin T},
	year={2003},
	publisher={Cambridge university press}
}

@book{mackay2003information,
	title={Information theory, inference and learning algorithms},
	author={MacKay, David JC and Mac Kay, David JC},
	year={2003},
	publisher={Cambridge university press}
}

@book{gelman2013bayesian,
	title={Bayesian data analysis},
	author={Gelman, A and Stern, HS and Carlin, JB and Dunson, DB and Vehtari, A and Rubin, DB},
	year={2013},
	publisher={Chapman and Hall/CRC}
}

@article{betancourt2017conceptual,
	title={A conceptual introduction to {H}amiltonian {M}onte {C}arlo},
	author={Betancourt, M},
	journal={arXiv preprint arXiv:1701.02434},
	year={2017},
}


@Manual{r2016R,
	title = {R: A Language and Environment for Statistical Computing},
	author = {{R Core Team}},
	organization = {R Foundation for Statistical Computing},
	address = {Vienna, Austria},
	year = {2016},
	url = {https://www.R-project.org/},
}


@article{lunn2000winbugs,
	title={WinBUGS-a {B}ayesian modelling framework: concepts, structure, and extensibility},
	author={Lunn, DJ and Thomas, A and Best, N and Spiegelhalter, D},
	journal={Statistics and Computing},
	volume={10},
	number={4},
	pages={325--337},
	year={2000},
	publisher={Springer}
}

@inproceedings{plummer2003jags,
	title={JAGS: A program for analysis of {B}ayesian graphical models using {G}ibbs sampling},
	author={Plummer, M and others},
	booktitle={Proceedings of the 3rd international workshop on Distributed Statistical Computing},
	volume={124},
	number={125.10},
	year={2003},
	organization={Vienna, Austria}
}

@article{carpenter2017stan,
	title={Stan: A probabilistic programming language},
	author={Carpenter, B and Gelman, A and Hoffman, MD and Lee, D and Goodrich, B and Betancourt, M and Brubaker, M and Guo, J and Li, P and Riddell, A},
	journal={Journal of Statistical Software},
	volume={76},
	number={1},
	year={2017},
	publisher={Columbia Univ., New York, NY (United States); Harvard Univ., Cambridge, MA~…}
}

@article{hoffman2014no,
	title={The {N}o-{U}-turn {S}ampler: adaptively setting path lengths in {H}amiltonian {M}onte {C}arlo.},
	author={Hoffman, MD and Gelman, A},
	journal={Journal of Machine Learning Research},
	volume={15},
	number={1},
	pages={1593--1623},
	year={2014}
}

@article{geman1984stochastic,
	title={Stochastic relaxation, {G}ibbs distributions, and the {B}ayesian restoration of images},
	author={Geman, S and Geman, D},
	journal={IEEE Transactions on Pattern Analysis and Machine intelligence},
	number={6},
	pages={721--741},
	year={1984},
	publisher={IEEE}
}

@book{korner2015bayesian,
	title={Bayesian data analysis in ecology using linear models with R, BUGS, and Stan},
	author={Korner-Nievergelt, Franzi and Roth, Tobias and Von Felten, Stefanie and Gu{\'e}lat, J{\'e}r{\^o}me and Almasi, Bettina and Korner-Nievergelt, Pius},
	year={2015},
	publisher={Academic Press}
}

@article{girolami2011riemann,
	title={Riemann manifold langevin and hamiltonian {M}onte {C}arlo methods},
	author={Girolami, Mark and Calderhead, Ben},
	journal={Journal of the Royal Statistical Society: Series B (Statistical Methodology)},
	volume={73},
	number={2},
	pages={123--214},
	year={2011},
	publisher={Wiley Online Library}
}

@article{betancourt2017geometric,
	title={The geometric foundations of Hamiltonian Monte Carlo},
	author={Betancourt, M and Byrne, S and Livingstone, S and Girolami, M and others},
	journal={Bernoulli},
	volume={23},
	number={4A},
	pages={2257--2298},
	year={2017},
	publisher={Bernoulli Society for Mathematical Statistics and Probability}
}

@article{wilson2006s,
	title={Where's the real bottleneck in scientific computing?},
	author={Wilson, Gregory V},
	journal={American Scientist},
	volume={94},
	number={1},
	pages={5},
	year={2006}
}

@article{merali2010computational,
	title={Computational science: Error, why scientific programming does not compute},
	author={Merali, Zeeya},
	journal={Nature},
	volume={467},
	number={7317},
	pages={775--777},
	year={2010},
	publisher={Nature Publishing Group}
}

@article{baxter2006scientific,
	title={Scientific software development is not an oxymoron},
	author={Baxter, Susan M and Day, Steven W and Fetrow, Jacquelyn S and Reisinger, Stephanie J},
	journal={PLoS Computational Biology},
	volume={2},
	number={9},
	pages={e87},
	year={2006},
	publisher={Public Library of Science}
}

@article{Clerx2018Pints,
	title={Probabilistic Inference on Noisy Time Series ({PINTS})},
	author={Clerx, Michael and Robinson, Martin and Lambert, Ben and Lei, Chon Lok and Ghosh, Sanmitra and Mirams, Gary R and Gavaghan, David J},
	journal={arXiv preprint arXiv:1812.07388},
	year={2018}
	}
	
	@article{mirams2013chaste,
		title={Chaste: an open source C++ library for computational physiology and biology},
		author={Mirams, Gary R and Arthurs, Christopher J and Bernabeu, Miguel O and Bordas, Rafel and Cooper, Jonathan and Corrias, Alberto and Davit, Yohan and Dunn, Sara-Jane and Fletcher, Alexander G and Harvey, Daniel G and others},
		journal={PLoS computational biology},
		volume={9},
		number={3},
		pages={e1002970},
		year={2013},
		publisher={Public Library of Science}
	}
	
	@article{goodwin1965oscillatory,
		title={Oscillatory behavior in enzymatic control processes},
		author={Goodwin, Brian C},
		journal={Advances in enzyme regulation},
		volume={3},
		pages={425--437},
		year={1965},
		publisher={Elsevier}
	}
	
	@article{fitzhugh1961impulses,
		title={Impulses and physiological states in theoretical models of nerve membrane},
		author={FitzHugh, Richard},
		journal={Biophysical journal},
		volume={1},
		number={6},
		pages={445--466},
		year={1961},
		publisher={Elsevier}
	}
	
	@article{elowitz2000synthetic,
		title={A synthetic oscillatory network of transcriptional regulators},
		author={Elowitz, Michael B and Leibler, Stanislas},
		journal={Nature},
		volume={403},
		number={6767},
		pages={335},
		year={2000},
		publisher={Nature Publishing Group}
	}
	
	@inproceedings{calderhead2009accelerating,
		title={Accelerating Bayesian inference over nonlinear differential equations with Gaussian processes},
		author={Calderhead, Ben and Girolami, Mark and Lawrence, Neil D},
		booktitle={Advances in neural information processing systems},
		pages={217--224},
		year={2009}
	}
	
	@article{ramsay2007parameter,
		title={Parameter estimation for differential equations: a generalized smoothing approach},
		author={Ramsay, Jim O and Hooker, Giles and Campbell, David and Cao, Jiguo},
		journal={Journal of the Royal Statistical Society: Series B (Statistical Methodology)},
		volume={69},
		number={5},
		pages={741--796},
		year={2007},
		publisher={Wiley Online Library}
	}
	
	@article{toni2008approximate,
		title={Approximate Bayesian computation scheme for parameter inference and model selection in dynamical systems},
		author={Toni, Tina and Welch, David and Strelkowa, Natalja and Ipsen, Andreas and Stumpf, Michael PH},
		journal={Journal of the Royal Society Interface},
		volume={6},
		number={31},
		pages={187--202},
		year={2008},
		publisher={The Royal Society London}
	}
	
	@article{de1975analysis,
		title={Analysis of the behavior of a class of genetic adaptive systems},
		author={De Jong, Kenneth Alan},
		year={1975}
	}
	
	@article{feroz2009multinest,
		title={MultiNest: an efficient and robust Bayesian inference tool for cosmology and particle physics},
		author={Feroz, F and Hobson, MP and Bridges, M},
		journal={Monthly Notices of the Royal Astronomical Society},
		volume={398},
		number={4},
		pages={1601--1614},
		year={2009},
		publisher={Blackwell Publishing Ltd Oxford, UK}
	}

@article{foreman2013emcee,
	title={emcee: the MCMC hammer},
	author={Foreman-Mackey, D and Hogg, DW and Lang, D and Goodman, J},
	journal={Publications of the Astronomical Society of the Pacific},
	volume={125},
	number={925},
	pages={306},
	year={2013},
	publisher={IOP Publishing}
}


@article{handley2015polychord,
	title={POLYCHORD: next-generation nested sampling},
	author={Handley, WJ and Hobson, MP and Lasenby, AN},
	journal={Monthly Notices of the Royal Astronomical Society},
	volume={453},
	number={4},
	pages={4384--4398},
	year={2015},
	publisher={Oxford University Press}
}


@article{neal2003slice,
	title={Slice sampling},
	author={Neal, RM},
	journal={Annals of statistics},
	pages={705--741},
	year={2003},
	publisher={JSTOR}
}


@misc{pints2020,
	author = {{PINTS Team}},
	title = {PINTS},
	year = {2020},
	publisher = {GitHub},
	journal = {GitHub repository},
	howpublished = {\url{https://github.com/pints-team/pints}},
}

@article{blei2017variational,
	title={Variational inference: A review for statisticians},
	author={Blei, DM and Kucukelbir, A and McAuliffe, JD},
	journal={Journal of the American statistical Association},
	volume={112},
	number={518},
	pages={859--877},
	year={2017},
	publisher={Taylor \& Francis}
}

@article{duane1987hybrid,
	title={Hybrid {M}onte {C}arlo},
	author={Duane, S and Kennedy, AD and Pendleton, BJ and Roweth, D},
	journal={Physics letters B},
	volume={195},
	number={2},
	pages={216--222},
	year={1987},
	publisher={Elsevier}
}


@book{gattringer2009quantum,
	title={Quantum chromodynamics on the lattice: an introductory presentation},
	author={Gattringer, C and Lang, C},
	volume={788},
	year={2009},
	publisher={Springer Science \& Business Media}
}
7@article{neal2011mcmc,
	title={{MCMC} using {H}amiltonian dynamics},
	author={Neal, RM and others},
	journal={Handbook of {M}arkov chain {M}onte {C}arlo},
	volume={2},
	number={11},
	pages={2},
	year={2011}
}


@article{Clerx2019Pints,
	title={Probabilistic Inference on Noisy Time Series ({PINTS})},
	author={Clerx, M and Robinson, M and Lambert, B and Lei, CL and Ghosh, S and Mirams, GR and Gavaghan, DJ},
	journal={Journal of Open Research Software},
	volume={7},
	number={1},
	pages={23},
	year={2019},
	doi={10.5334/jors.252}
}


@article{salvatier2016probabilistic,
	title={Probabilistic programming in {P}ython using {P}y{MC}3},
	author={Salvatier, J and Wiecki, TV and Fonnesbeck, C},
	journal={PeerJ Computer Science},
	volume={2},
	pages={e55},
	year={2016},
	publisher={PeerJ Inc.}
}

@article{nesterov2009primal,
	title={Primal-dual subgradient methods for convex problems},
	author={Nesterov, Y},
	journal={Mathematical programming},
	volume={120},
	number={1},
	pages={221--259},
	year={2009},
	publisher={Springer}
}

@article{vehtari2019rank,
	title={Rank-normalization, folding, and localization: An improved R-hat for assessing convergence of {MCMC}},
	author={Vehtari, A and Gelman, A and Simpson, D and Carpenter, B and B{\"u}rkner, PC},
	journal={Bayesian Analysis},
	year={2020},
	doi={10.1214/20-BA1221}
}

@article{friedman2001greedy,
	title={Greedy function approximation: a gradient boosting machine},
	author={Friedman, JH},
	journal={Annals of Statistics},
	pages={1189--1232},
	year={2001},
	publisher={JSTOR}
}

@article{greenwell2019package,
	title={Package ‘gbm’},
	author={Greenwell, B and Boehmke, B and Cunningham, J and Developers, GBM and Greenwell, Maintainer B},
	year={2019}
}

@misc{holmes,
	author = {Holmes, C},
	year={2020},
	title = {{M}arkov chain {M}onte {C}arlo and applied {B}ayesian statistics: a short course},
	url= "\url{http://citeseerx.ist.psu.edu/viewdoc/download?doi=10.1.1.565.5914&rep=rep1&type=pdf}",
	Institution={University of Oxford},
}


@misc{lambertbees,
	author = {Lambert, B},
	title = {You{T}ube video: Bob’s bees: the importance of using multiple bees (chains) to judge MCMC convergence},
	year={2018},
}

@article{gelman1992inference,
	title={Inference from iterative simulation using multiple sequences},
	author={Gelman, A and Rubin, DB},
	journal={Statistical Science},
	volume={7},
	number={4},
	pages={457--472},
	year={1992},
	publisher={Institute of Mathematical Statistics}
}


@book{chollet2018,
	title={Deep learning with R},
	author={Chollet, F and Allaire, JJ},
	publisher={Manning Publications, Shelter Island, NY},
	year={2018}
}

@article{clerx2018probabilistic,
	title={Probabilistic inference on noisy time series (PINTS)},
	author={Clerx, M and Robinson, M and Lambert, B and Lei, CL and Ghosh, S and Mirams, GR and Gavaghan, DJ},
	journal={arXiv preprint arXiv:1812.07388},
	year={2018}
}

@article{kuhn2008building,
	title={Building predictive models in {R} using the {C}aret package},
	author={Kuhn, M and others},
	journal={Journal of Statistical Software},
	volume={28},
	number={5},
	pages={1--26},
	year={2008}
}

@article{brooks1998general,
	title={General methods for monitoring convergence of iterative simulations},
	author={Brooks, Stephen P and Gelman, Andrew},
	journal={Journal of computational and graphical statistics},
	volume={7},
	number={4},
	pages={434--455},
	year={1998},
	publisher={Taylor \& Francis Group}
}

@book{brooks2011handbook,
	title={Handbook of {M}arkov chain {M}onte {C}arlo},
	author={Brooks, S and Gelman, A and Jones, G and Meng, XL},
	year={2011},
	publisher={CRC press}
}

@Manual{faraway2019goftest,
	title = {goftest: Classical Goodness-of-Fit Tests for Univariate Distributions},
	author = {Faraway, J and Marsaglia, G and Marsaglia, J and Baddeley, A},
	year = {2019},
	note = {R package version 1.2-2},
	url = {https://CRAN.R-project.org/package=goftest},
}

@inproceedings{abadi2016tensorflow,
	title={Tensorflow: A system for large-scale machine learning},
	author={Abadi, M and Barham, P and Chen, J and Chen, Z and Davis, A and Dean, J and Devin, M and Ghemawat, S and Irving, G and Isard, M},
	booktitle={12th $\{$USENIX$\}$ Symposium on Operating Systems Design and Implementation ($\{$OSDI$\}$ 16)},
	pages={265--283},
	year={2016}
}

@article{piironen2017sparsity,
	title={Sparsity information and regularization in the horseshoe and other shrinkage priors},
	author={Piironen, J and Vehtari, A},
	journal={Electronic Journal of Statistics},
	volume={11},
	number={2},
	pages={5018--5051},
	year={2017},
	publisher={The Institute of Mathematical Statistics and the Bernoulli Society}
}

@article{hernandez2010expectation,
	title={Expectation propagation for microarray data classification},
	author={Hern{\'a}ndez-Lobato, D and Hern{\'a}ndez-Lobato, JM and Su{\'a}rez, A},
	journal={Pattern Recognition Letters},
	volume={31},
	number={12},
	pages={1618--1626},
	year={2010},
	publisher={Elsevier}
}

@article{paananen2019implicitly,
	title={Implicitly Adaptive Importance Sampling},
	author={Paananen, T and Piironen, J and Bürkner, PC and Vehtari, A},
	year={2019},
	eprint={1906.08850},
	journal={arXiv},
	archivePrefix={arXiv},
	primaryClass={stat.CO}
}

@article{schummer1999comparative,
	title={Comparative hybridization of an array of 21,500 ovarian c{DNA}s for the discovery of genes overexpressed in ovarian carcinomas},
	author={Schummer, M and Ng, WV and Bumgarner, RE and Nelson, PS and Schummer, B and Bednarski, DW and Hassell, L and Baldwin, RL and Karlan, BY and Hood, L},
	journal={Gene},
	volume={238},
	number={2},
	pages={375--385},
	year={1999},
	publisher={Elsevier}
}

@misc{complexity2018,
	author={RUser4512},
	year = 2018,
	title = {Computational complexity of machine learning algorithms},
	howpublished = {\url{https://www.thekerneltrip.com/machine/learning/computational-complexity-learning-algorithms/}},
	note = {Accessed: 2020-08-04}
}

@article{singh2002gene,
	title={Gene expression correlates of clinical prostate cancer behavior},
	author={Singh, D and Febbo, PG and Ross, K and Jackson, DG and Manola, J and Ladd, C and Tamayo, P and Renshaw, AA and D'Amico, AV and Richie, JP},
	journal={Cancer Cell},
	volume={1},
	number={2},
	pages={203--209},
	year={2002},
	publisher={Elsevier}
}

@article{yang2006stable,
	title={A stable gene selection in microarray data analysis},
	author={Yang, K and Cai, Z and Li, J and Lin, G},
	journal={BMC Bioinformatics},
	volume={7},
	number={1},
	pages={228},
	year={2006},
	publisher={Springer}
}

@article{gelman1992single,
	title={A single series from the {G}ibbs sampler provides a false sense of security},
	author={Gelman, A and Rubin, DB},
	journal={Bayesian Statistics},
	volume={4},
	pages={625--631},
	year={1992},
	publisher={Oxford University Press Oxford, UK}
}

@article{liaw2002classification,
	title={Classification and regression by randomForest},
	author={Liaw, A and Wiener, M},
	journal={R news},
	volume={2},
	number={3},
	pages={18--22},
	year={2002}
}

@inproceedings{bernard2009influence,
	title={Influence of hyperparameters on random forest accuracy},
	author={Bernard, S and Heutte, L and Adam, S},
	booktitle={International Workshop on Multiple Classifier Systems},
	pages={171--180},
	year={2009},
	organization={Springer}
}

@book{boehmke2019hands,
	title={Hands-on machine learning with R},
	author={Boehmke, B and Greenwell, BM},
	year={2019},
	publisher={CRC Press}
}

@article{breiman2001random,
	title={Random forests},
	author={Breiman, L},
	journal={Machine learning},
	volume={45},
	number={1},
	pages={5--32},
	year={2001},
	publisher={Springer}
}

@article{lewandowski2009generating,
	title={Generating random correlation matrices based on vines and extended onion method},
	author={Lewandowski, D and Kurowicka, D and Joe, H},
	journal={Journal of multivariate analysis},
	volume={100},
	number={9},
	pages={1989--2001},
	year={2009},
	publisher={Elsevier}
}

@book{devroye2013probabilistic,
	title={A probabilistic theory of pattern recognition},
	author={Devroye, L and Gy{\"o}rfi, L and Lugosi, G},
	volume={31},
	year={2013},
	publisher={Springer Science \& Business Media}
}

@article{karatzoglou2004kernlab,
	title={kernlab-an S4 package for kernel methods in R},
	author={Karatzoglou, A and Smola, A and Hornik, K and Zeileis, A},
	journal={Journal of statistical software},
	volume={11},
	number={9},
	pages={1--20},
	year={2004},
	publisher={American Statistical Association}
}

@article{ripley2016package,
	title={Package ‘nnet’},
	author={Ripley, B and Venables, W and Ripley, B},
	journal={R package version},
	volume={7},
	pages={3--12},
	year={2016}
}
